<collection xmlns="http://www.loc.gov/MARC21/slim">
   <record>
      <leader>05004nam a2200661 i 4500</leader>
      <controlfield tag="001">6774321</controlfield>
      <controlfield tag="003">CaPaEBR</controlfield>
      <controlfield tag="006">m     o  d        </controlfield>
      <controlfield tag="007">cr cn|||||||||</controlfield>
      <controlfield tag="008">140612s2015    enkad   ob    001 0 eng|d</controlfield>
      <datafield ind1=" " ind2=" " tag="020">
         <subfield code="z">9781118867921 (hardback)</subfield>
      </datafield>
      <datafield ind1=" " ind2=" " tag="020">
         <subfield code="a">9781118867853 (e-book)</subfield>
      </datafield>
      <datafield ind1=" " ind2=" " tag="035">
         <subfield code="a">ocn934045133</subfield>
      </datafield>
      <datafield ind1=" " ind2=" " tag="039">
         <subfield code="a">exclude</subfield>
      </datafield>
      <datafield ind1=" " ind2=" " tag="040">
         <subfield code="a">CaPaEBR</subfield>
         <subfield code="b">eng</subfield>
         <subfield code="e">rda</subfield>
         <subfield code="e">pn</subfield>
         <subfield code="c">CaPaEBR</subfield>
         <subfield code="d">AEU</subfield>
      </datafield>
      <datafield ind1="1" ind2="4" tag="050">
         <subfield code="a">HG221</subfield>
         <subfield code="b">.S4857 2015eb</subfield>
      </datafield>
      <datafield ind1="0" ind2="4" tag="082">
         <subfield code="a">339.5/3</subfield>
         <subfield code="2">23</subfield>
      </datafield>
      <datafield ind1=" " ind2=" " tag="090">
         <subfield code="a">Internet Access</subfield>
         <subfield code="b">AEC</subfield>
      </datafield>
      <datafield ind1=" " ind2=" " tag="090">
         <subfield code="a">Internet Access</subfield>
         <subfield code="b">AGPC</subfield>
      </datafield>
      <datafield ind1=" " ind2=" " tag="090">
         <subfield code="a">Internet Access</subfield>
         <subfield code="b">AEGMCT</subfield>
      </datafield>
      <datafield ind1=" " ind2=" " tag="090">
         <subfield code="a">Internet Access</subfield>
         <subfield code="b">ARDC</subfield>
      </datafield>
      <datafield ind1=" " ind2=" " tag="090">
         <subfield code="a">Internet Access</subfield>
         <subfield code="b">AEU</subfield>
      </datafield>
      <datafield ind1="1" ind2=" " tag="100">
         <subfield code="a">Serval, Jean-François,</subfield>
         <subfield code="e">author.</subfield>
         <subfield code="0">http://id.loc.gov/authorities/names/n2011060184</subfield>
      </datafield>
      <datafield ind1="1" ind2="4" tag="245">
         <subfield code="a">The monetary system :</subfield>
         <subfield code="b">analysis and new approaches to regulation /</subfield>
         <subfield code="c">Jean-François Serval and Jean-Pascal Tranié.</subfield>
      </datafield>
      <datafield ind1=" " ind2="1" tag="264">
         <subfield code="a">Chichester, West Sussex, United Kingdom :</subfield>
         <subfield code="b">Wiley,</subfield>
         <subfield code="c">2015.</subfield>
      </datafield>
      <datafield ind1=" " ind2=" " tag="300">
         <subfield code="a">1 online resource (314 pages) :</subfield>
         <subfield code="b">illustrations.</subfield>
      </datafield>
      <datafield ind1=" " ind2=" " tag="336">
         <subfield code="a">text</subfield>
         <subfield code="2">rdacontent</subfield>
         <subfield code="0">http://id.loc.gov/vocabulary/contentTypes/txt</subfield>
      </datafield>
      <datafield ind1=" " ind2=" " tag="337">
         <subfield code="a">computer</subfield>
         <subfield code="b">c</subfield>
         <subfield code="2">rdamedia</subfield>
         <subfield code="0">http://id.loc.gov/vocabulary/mediaTypes/c</subfield>
      </datafield>
      <datafield ind1=" " ind2=" " tag="338">
         <subfield code="a">online resource</subfield>
         <subfield code="b">cr</subfield>
         <subfield code="2">rdacarrier</subfield>
         <subfield code="0">http://id.loc.gov/vocabulary/carriers/cr</subfield>
      </datafield>
      <datafield ind1="1" ind2=" " tag="490">
         <subfield code="a">Wiley finance series</subfield>
      </datafield>
      <datafield ind1=" " ind2=" " tag="504">
         <subfield code="a">Includes bibliographical references and index.</subfield>
      </datafield>
      <datafield ind1=" " ind2=" " tag="506">
         <subfield code="a">Access restricted to authorized users and institutions.</subfield>
      </datafield>
      <datafield ind1=" " ind2=" " tag="520">
         <subfield code="a">"The authors offer an analytic approach distinguishing those financial instruments that are freely transferable and those that can be classified as securitization and CDS as a result of their underlying legal structure from other financial instruments that can often be converted from one category to another.  Their new aggregates M5 category encompass all instruments including cash from the Central Bank, in essence all receivables that in counterparty relationships are recorded as debts in some balance sheets, the M6 entry being the total of balance sheets from where the data has to be collected to compare them with revenues. By employing derivatives of M5 and M6 they cover all underlying collateral classes thus allowing a type of comprehensive economic modeling that no other authors have been able to propose. This text offers insights into the present situation of slow growth, rising debts and long term low inflation and puts forward some possible outcomes for the global economy.  The authors point out the social role of monetary contracts not only because they are grounding exchanges as it has always been the since ever in the past but also because it's sampling is the tool for redistribution between actors including "sectors" through taxation and inflation and deflation and finally between generations"--</subfield>
         <subfield code="c">Provided by publisher.</subfield>
      </datafield>
      <datafield ind1=" " ind2=" " tag="588">
         <subfield code="a">Description based on print version record.</subfield>
      </datafield>
      <datafield ind1=" " ind2=" " tag="596">
         <subfield code="a">21 35 44 57 60</subfield>
      </datafield>
      <datafield ind1=" " ind2="0" tag="650">
         <subfield code="a">Money.</subfield>
         <subfield code="0">http://id.loc.gov/authorities/subjects/sh85086790</subfield>
      </datafield>
      <datafield ind1=" " ind2="0" tag="650">
         <subfield code="a">Finance.</subfield>
         <subfield code="0">http://id.loc.gov/authorities/subjects/sh85048256</subfield>
      </datafield>
      <datafield ind1=" " ind2="0" tag="650">
         <subfield code="a">Financial institutions.</subfield>
         <subfield code="0">http://id.loc.gov/authorities/subjects/sh85048306</subfield>
      </datafield>
      <datafield ind1=" " ind2="0" tag="650">
         <subfield code="a">Monetary policy.</subfield>
         <subfield code="0">http://id.loc.gov/authorities/subjects/sh85086787</subfield>
      </datafield>
      <datafield ind1="1" ind2=" " tag="700">
         <subfield code="a">Tranié, Jean-Pascal,</subfield>
         <subfield code="e">author.</subfield>
         <subfield code="0">http://id.loc.gov/authorities/names/n88668201</subfield>
      </datafield>
      <datafield ind1=" " ind2=" " tag="758">
         <subfield code="0">http://worldcat.org/entity/work/id/232962530</subfield>
      </datafield>
      <datafield ind1="0" ind2=" " tag="787">
         <subfield code="n">OCLC Work Id</subfield>
         <subfield code="o">http://worldcat.org/entity/work/id/232962530</subfield>
      </datafield>
      <datafield ind1=" " ind2="0" tag="830">
         <subfield code="a">Wiley finance series.</subfield>
         <subfield code="0">http://id.loc.gov/authorities/names/n00091597</subfield>
      </datafield>
      <datafield ind1="4" ind2="0" tag="856">
         <subfield code="3">Concordia University of Edmonton Access</subfield>
         <subfield code="u">http://site.ebrary.com/lib/concordiaab/Doc?id=10990964</subfield>
         <subfield code="z">from ebrary</subfield>
      </datafield>
      <datafield ind1="4" ind2="0" tag="856">
         <subfield code="3">Grande Prairie Regional College Access</subfield>
         <subfield code="u">http://ezproxy.agpc.talonline.ca:80/login?url=http://site.ebrary.com/lib/gprc/Doc?id=10990964</subfield>
         <subfield code="z">from ebrary</subfield>
      </datafield>
      <datafield ind1="4" ind2="0" tag="856">
         <subfield code="3">MacEwan University Access</subfield>
         <subfield code="u">http://site.ebrary.com/lib/macewan/Doc?id=10990964</subfield>
         <subfield code="z">(Unlimited Concurrent Users)</subfield>
         <subfield code="z">from ebrary</subfield>
      </datafield>
      <datafield ind1="4" ind2="0" tag="856">
         <subfield code="3">Red Deer College Access</subfield>
         <subfield code="u">http://site.ebrary.com/lib/rdcollege/Doc?id=10990964</subfield>
         <subfield code="z">from ebrary</subfield>
      </datafield>
      <datafield ind1="4" ind2="0" tag="856">
         <subfield code="3">University of Alberta Access</subfield>
         <subfield code="u">http://dx.doi.org/10.1002/9781118867808</subfield>
         <subfield code="z">(Unlimited Concurrent Users)</subfield>
      </datafield>
      <datafield ind1=" " ind2=" " tag="949">
         <subfield code="h">UAIN</subfield>
         <subfield code="m">CONCORDIA</subfield>
         <subfield code="z">EBRARYACCN</subfield>
      </datafield>
      <datafield ind1=" " ind2=" " tag="949">
         <subfield code="h">UAIN</subfield>
         <subfield code="m">GPRC_INT</subfield>
         <subfield code="z">EBRARYACGP</subfield>
      </datafield>
      <datafield ind1=" " ind2=" " tag="949">
         <subfield code="h">UAIN</subfield>
         <subfield code="m">GR_MAC_INT</subfield>
         <subfield code="z">EBRARYACGM</subfield>
      </datafield>
      <datafield ind1=" " ind2=" " tag="949">
         <subfield code="h">UAIN</subfield>
         <subfield code="m">RED_DEER_C</subfield>
         <subfield code="z">EBRARYACRD</subfield>
      </datafield>
      <datafield ind1=" " ind2=" " tag="919">
         <subfield code="a">ebr10990964</subfield>
      </datafield>
      <datafield ind1=" " ind2=" " tag="926">
         <subfield code="a">Internet Access</subfield>
         <subfield code="w">LC</subfield>
         <subfield code="c">1</subfield>
         <subfield code="i">6774321-1001</subfield>
         <subfield code="l">INTERNET</subfield>
         <subfield code="m">UAINTERNET</subfield>
         <subfield code="r">Y</subfield>
         <subfield code="s">Y</subfield>
         <subfield code="t">E-RESOURCE</subfield>
         <subfield code="u">1/12/2015</subfield>
         <subfield code="x">E-BOOK</subfield>
         <subfield code="z">WILEYOL</subfield>
      </datafield>
      <datafield ind1=" " ind2=" " tag="926">
         <subfield code="a">Internet Access</subfield>
         <subfield code="w">LC</subfield>
         <subfield code="c">1</subfield>
         <subfield code="i">6774321-2001</subfield>
         <subfield code="k">DISCARD</subfield>
         <subfield code="l">INTERNET</subfield>
         <subfield code="m">CONCORDIA</subfield>
         <subfield code="r">Y</subfield>
         <subfield code="s">Y</subfield>
         <subfield code="t">E-RESOURCE</subfield>
         <subfield code="u">1/6/2016</subfield>
         <subfield code="x">E-BOOK</subfield>
         <subfield code="z">EBRARYACCN</subfield>
      </datafield>
      <datafield ind1=" " ind2=" " tag="926">
         <subfield code="a">Internet Access</subfield>
         <subfield code="w">LC</subfield>
         <subfield code="c">1</subfield>
         <subfield code="i">6774321-3001</subfield>
         <subfield code="k">DISCARD</subfield>
         <subfield code="l">INTERNET</subfield>
         <subfield code="m">GPRC_INT</subfield>
         <subfield code="r">Y</subfield>
         <subfield code="s">Y</subfield>
         <subfield code="t">E-RESOURCE</subfield>
         <subfield code="u">1/6/2016</subfield>
         <subfield code="x">E-BOOK</subfield>
         <subfield code="z">EBRARYACGP</subfield>
      </datafield>
      <datafield ind1=" " ind2=" " tag="926">
         <subfield code="a">Internet Access</subfield>
         <subfield code="w">LC</subfield>
         <subfield code="c">1</subfield>
         <subfield code="i">6774321-4001</subfield>
         <subfield code="k">DISCARD</subfield>
         <subfield code="l">INTERNET</subfield>
         <subfield code="m">GR_MAC_INT</subfield>
         <subfield code="r">Y</subfield>
         <subfield code="s">Y</subfield>
         <subfield code="t">E-RESOURCE</subfield>
         <subfield code="u">1/6/2016</subfield>
         <subfield code="x">E-BOOK</subfield>
         <subfield code="z">EBRARYACGM</subfield>
      </datafield>
      <datafield ind1=" " ind2=" " tag="926">
         <subfield code="a">Internet Access</subfield>
         <subfield code="w">LC</subfield>
         <subfield code="c">1</subfield>
         <subfield code="i">6774321-5001</subfield>
         <subfield code="k">DISCARD</subfield>
         <subfield code="l">INTERNET</subfield>
         <subfield code="m">RED_DEER_C</subfield>
         <subfield code="r">Y</subfield>
         <subfield code="s">Y</subfield>
         <subfield code="t">E-RESOURCE</subfield>
         <subfield code="u">1/6/2016</subfield>
         <subfield code="x">E-BOOK</subfield>
         <subfield code="z">EBRARYACRD</subfield>
      </datafield>
   </record>
</collection>
